@incollection{dwyer2006Fast,
  title = {Fast {{Node Overlap Removal}}},
  booktitle = {Graph {{Drawing}}},
  author = {Dwyer, Tim and Marriott, Kim and Stuckey, Peter J.},
  editor = {Hutchison, David and Kanade, Takeo and Kittler, Josef and Kleinberg, Jon M. and Mattern, Friedemann and Mitchell, John C. and Naor, Moni and Nierstrasz, Oscar and Pandu Rangan, C. and Steffen, Bernhard and Sudan, Madhu and Terzopoulos, Demetri and Tygar, Dough and Vardi, Moshe Y. and Weikum, Gerhard and Healy, Patrick and Nikolov, Nikola S.},
  year = {2006},
  volume = {3843},
  pages = {153--164},
  publisher = {{Springer Berlin Heidelberg}},
  address = {{Berlin, Heidelberg}},
  doi = {10.1007/11618058_15},
  urldate = {2021-06-17},
  isbn = {978-3-540-31425-7 978-3-540-31667-1},
  file = {/Users/henry/SynologyDrive/Zotero/storage/YXLZSHIP/Dwyer et al. - 2006 - Fast Node Overlap Removal.pdf}
}
