@misc{harvard,
  title = {Harvard {{WorldMap}}},
  url = {http://worldmap.harvard.edu/},
  urldate = {2021-07-05},
  abstract = {Build your own mapping portal and publish it to the world or to just a few collaborators. WorldMap is open source software.},
  file = {/Users/henry/SynologyDrive/Zotero/storage/8BYCB6DP/geonodemississippiriver_nx5.html}
}

@misc{mapshaper,
  title = {Mapshaper},
  url = {https://mapshaper.org/},
  urldate = {2021-07-05},
  file = {/Users/henry/SynologyDrive/Zotero/storage/Y3HRNRFC/mapshaper.org.html}
}

@misc{usdepartmentofcommercerivers,
  title = {Rivers of the {{U}}.{{S}}.},
  author = {{US Department of Commerce}, {\relax NOAA}},
  publisher = {{NOAA's National Weather Service}},
  url = {https://www.weather.gov/gis/Rivers},
  urldate = {2021-07-14},
  abstract = {Rivers of the U.S.},
  copyright = {http://www.weather.gov/disclaimer.php},
  langid = {american},
  file = {/Users/henry/SynologyDrive/Zotero/storage/8KC425ZE/Rivers.html}
}
