@article{ali2019Clustering,
  title = {Clustering and {{Classification}} for {{Time Series Data}} in {{Visual Analytics}}: {{A Survey}}},
  shorttitle = {Clustering and {{Classification}} for {{Time Series Data}} in {{Visual Analytics}}},
  author = {Ali, Mohammed and Alqahtani, Ali and Jones, Mark W. and Xie, Xianghua},
  year = {2019},
  journal = {IEEE Access},
  volume = {7},
  pages = {181314--181338},
  issn = {2169-3536},
  doi = {10.1109/ACCESS.2019.2958551},
  urldate = {2022-08-23},
  file = {/Users/henry/SynologyDrive/Zotero/storage/GHQ6EPPH/Ali et al. - 2019 - Clustering and Classification for Time Series Data.pdf}
}

@misc{blochMapshaper,
  title = {Mapshaper},
  author = {Bloch, Matthew},
  url = {https://mapshaper.org/},
  urldate = {2022-01-23}
}

@misc{nhsdigitalClinical,
  title = {Clinical {{Commissioning Group Outcomes Indicator Set}} ({{CCG OIS}})},
  author = {{NHS Digital}},
  journal = {NHS Digital},
  url = {https://digital.nhs.uk/data-and-information/publications/statistical/ccg-outcomes-indicator-set},
  urldate = {2022-01-23},
  abstract = {We're the national information and technology partner to the health and social care system using digital technology to transform the NHS and social care},
  langid = {english},
  file = {/Users/henry/SynologyDrive/Zotero/storage/4GJC6P29/ccg-outcomes-indicator-set.html}
}

@misc{nhsNHS,
  title = {{{NHS}} Commissioning \guillemotright{} {{Clinical}} Commissioning Groups ({{CCGs}})},
  author = {{NHS}},
  url = {https://www.england.nhs.uk/commissioning/who-commissions-nhs-services/ccgs/},
  urldate = {2022-01-23},
  file = {/Users/henry/SynologyDrive/Zotero/storage/2BVHCMJW/ccgs.html}
}

@misc{officefornationalstatisticsClinical,
  title = {Clinical Commissioning Group Population Estimates},
  author = {{Office For National Statistics}},
  url = {https://www.ons.gov.uk/peoplepopulationandcommunity/populationandmigration/populationestimates/datasets/clinicalcommissioninggroupmidyearpopulationestimates},
  urldate = {2022-06-18},
  file = {/Users/henry/SynologyDrive/Zotero/storage/DYCMVMQM/clinicalcommissioninggroupmidyearpopulationestimates.html}
}

@misc{opengeographyportalxOpen,
  title = {Open {{Geography}} Portalx},
  author = {{Open Geography portalx}},
  url = {https://geoportal.statistics.gov.uk/datasets/d6acd30ad71f4e14b4de808e58d9bc4c},
  urldate = {2022-01-23},
  abstract = {The UK's official Office for National Statistics Open Data Geography Site},
  langid = {british},
  file = {/Users/henry/SynologyDrive/Zotero/storage/CJ473XRT/explore.html}
}

@misc{openstreetmapRelation,
  title = {Relation: {{Thames}} (2263653)},
  shorttitle = {Relation},
  author = {{OpenStreetMap}},
  journal = {OpenStreetMap},
  url = {https://www.openstreetmap.org/relation/2263653},
  urldate = {2022-01-23},
  abstract = {OpenStreetMap is a map of the world, created by people like you and free to use under an open licence.},
  langid = {british},
  file = {/Users/henry/SynologyDrive/Zotero/storage/DGQFQCE4/2263653.html}
}

@misc{overpassturboOverpass,
  title = {Overpass Turbo},
  author = {{Overpass Turbo}},
  url = {https://overpass-turbo.eu/},
  urldate = {2022-01-23},
  abstract = {A web based data mining tool for OpenStreetMap which runs any kind of Overpass API query and shows the results on an interactive map.},
  langid = {english},
  file = {/Users/henry/SynologyDrive/Zotero/storage/FHE44TX9/overpass-turbo.eu.html}
}

@misc{qgisWelcome,
  title = {Welcome to the {{QGIS}} Project!},
  author = {{QGIS}},
  url = {https://qgis.org/en/site/},
  urldate = {2022-01-23},
  file = {/Users/henry/SynologyDrive/Zotero/storage/3JWREP5P/site.html}
}

@misc{TopoJSON,
  title = {The {{TopoJSON Format Specification}}},
  author = {{TopoJSON}},
  url = {https://github.com/topojson/topojson-specification},
  urldate = {2022-01-23},
  abstract = {An extension to GeoJSON that encodes topology and allows compact, delta-encoded coordinates.}
}

@article{wang2021EHR,
  title = {{{EHR STAR}}: {{The State}}-{{Of}}-the-{{Art}} in {{Interactive EHR Visualization}}},
  shorttitle = {{{EHR STAR}}},
  author = {Wang, Q. and Laramee, R.S.},
  year = {2021},
  month = dec,
  journal = {Computer Graphics Forum},
  pages = {cgf.14424},
  issn = {0167-7055, 1467-8659},
  doi = {10.1111/cgf.14424},
  urldate = {2022-01-23},
  langid = {english},
  file = {/Users/henry/SynologyDrive/Zotero/storage/AUY4ZCGI/Wang and Laramee - 2021 - EHR STAR The State‐Of‐the‐Art in Interactive EHR .pdf}
}
